@misc{Nakamoto2008,
  author = "Satoshi Nakamoto",
  title = "Bitcoin: A Peer-to-Peer Electronic Cash System",
  year = "2008",
  howpublished = "online",
  cited = "2023-02-17",
  url = "https://bitcoin.org/bitcoin.pdf",
} // hotovo

@misc{Bitcoin_block,
  author = "Arvind Narayanan and Joseph Bonneau and Edward Felten and Andrew Miller and Steven Goldfeder",
  title = "Bitcoin and Cryptocurrency Technologies",
  howpublished = "online",
  year = "2016",
  cited = "2023-03-2",
  url = "https://www.lopp.net/pdf/princeton_bitcoin_book.pdf",
} // hotovo

@book{Bashir2017,
  author = "Imran Bashir",
  title = "Mastering Blockchain",
  publisher = "Packt Publishing Ltd",
  address = "Birmingham",
  year = "2017",
  edition = "1",
  ISBN = "9781839211379",
  howpublished = "online",
  cited = "2023-02-25",
  url = "https://books.google.cz/books?hl=cs&lr=&id=urkrDwAAQBAJ&oi=fnd&pg=PP1&dq=BASHIR,+Imran.+Mastering+Blockchain&ots=Iwfo7g8yYJ&sig=HnIwXoDFe5iFQQCmmjSbjY8DCKg&redir_esc=y#v=onepage&q=BASHIR%2C%20Imran.%20Mastering%20Blockchain&f=false",
} // hotovo

@misc{Transaction_confirmations,
  author = "GoCardless",
  journal = "Gocardless",
  title = "How to validate Bitcoin transactions",
  year = "2021",
  howpublished = "online",
  cited = "2023-03-4",
  url = "https://gocardless.com/en-us/guides/posts/bitcoin-transaction-verification/\#what-does-bitcoin-transaction-confirmation-do",
} // hotovo

@misc{Node2018,
  author = "Jimi S.",
  journal = "Https://medium.com/",
  title = "Blockchain: What are nodes and masternodes?",
  year = "2018",
  howpublished = "online",
  cited = "2023-03-15",
  url = "https://medium.com/coinmonks/blockchain-what-is-a-node-or-masternode-and-what-does-it-do-4d9a4200938f",
} // hotovo

@misc{Abrol2022,
  author = "Ayushi Abrol",
  journal = "Https://www.blockchain-council.org/",
  title = "What Are Blockchain Nodes? Detailed Guide",
  year = "2022",
  howpublished = "online",
  cited = "2023-03-16",
  url = "https://www.blockchain-council.org/blockchain/blockchain-nodes/",
} // hotovo

@article{Lashkar2021,
  author = "Bahareh Lashkar and Petr Musilek",
  journal = "IEEE Access",
  title = "A Comprehensive Review of Blockchain Consensus Mechanisms",
  year = "2021",
  pages = "43620 - 43652",
  volume = "9",
  howpublished = "online",
  cited = "2023-03-20",
  DOI = "10.1109/ACCESS.2021.3065880",
  url = "https://ieeexplore.ieee.org/stamp/stamp.jsp?tp=\&arnumber=9376868",
} // hotovo

@misc{Binance,
  author = "{Binance Academy}",
  title = "What Is a Blockchain Consensus Algorithm?",
  howpublished = "online",
  year = "2018",
  cited = "2023-03-20",
  url = "https://academy.binance.com/en/articles/what-is-a-blockchain-consensus-algorithm",
} // hotovo

@book{POW_POS,
  author = "Sriman, B. and Ganesh Kumar, S. and Shamili, P.",
  title = "Blockchain Technology: Consensus Protocol Proof of Work and Proof of Stake",
  booktitle = "Intelligent Computing and Applications",
  year = "2021",
  publisher = "Springer Singapore",
  address = "Singapore",
  pages = "395 - 406",
  cited = "2023-03-20",
  howpublished = "online",
  isbn = "978-981-15-5566-4",
  doi = "10.1007/978-981-15-5566-4_34",
  url = "https://link.springer.com/chapter/10.1007/978-981-15-5566-4_34#citeas"
} // hotovo

@misc{POW,
  author = "Jake Frankenfield",
  title = "What Is Proof of Work (PoW) in Blockchain?",
  year = "2016",
  howpublished = "online",
  cited = "2023-03-21",
  url = "https://www.investopedia.com/terms/p/proof-work.asp",
} // hotovo

@misc{POS,
  author = "Jake Frankenfield",
  title = "What Does Proof-of-Stake (PoS) Mean in Crypto?",
  year = "2017",
  howpublished = "online",
  cited = "2023-03-21",
  url = "https://www.investopedia.com/terms/p/proof-stake-pos.asp",
} // hotovo

@misc{ETH,
  author = "Luca Pennella and Corwin Smith and Dan and HaoTian and Emmanuel Awosika and Sai Leela Rahul Pujari and ethosdev",
  title = "PROOF-OF-STAKE (POS)",
  howpublished = "online",
  cited = "2023-03-21",
  url = "https://ethereum.org/cs/developers/docs/consensus-mechanisms/pos/",
} // hotovo

@article{Voshmgir2017,
  author = "Shermin Voshmgir",
  year = "2017",
  month = "09",
  pages = "499-509",
  title = "Disrupting governance with blockchains and smart contracts",
  volume = "26",
  howpublished = "online",
  cited = "2023-03-22",
  journal = "Strategic Change",
  doi = "10.1002/jsc.2150",
  url = "https://onlinelibrary.wiley.com/doi/10.1002/jsc.2150"
} // hotovo

@article{SC,
  author = "Bhabendu Kumar Mohanta and Soumyashree S Panda and Debasish Jena",
  booktitle = "2018 9th International Conference on Computing, Communication and Networking Technologies (ICCCNT)", 
  title = "An Overview of Smart Contract and Use Cases in Blockchain Technology", 
  year = "2018",
  howpublished = "online",
  cited = "2023-03-23",
  pages = "1-4",
  doi = "10.1109/ICCCNT.2018.8494045",
  url = "https://ieeexplore.ieee.org/document/8494045"
  } // hotovo

  @misc{fintech,
  author = "{Asociace pro komunikační nástroje a internet věcí}",
  title = "FinTech-Roadmap",
  howpublished = "online",
  cited = "2023-03-25",
  URL = "https://www.ctit.cz/wp-content/uploads/2022/12/FinTech-Roadmap-2.0.pdf",
} // hotovo

@article{WohrerZdun,
  author = "Wohrer, Maximilian and Zdun, Uwe",
  booktitle = "2018 International Workshop on Blockchain Oriented Software Engineering (IWBOSE)", 
  title = "Smart contracts: security patterns in the ethereum ecosystem and solidity", 
  year = "2018",
  pages = " 2-8",
  howpublished = {online},
  cited = {2023-03-25},
  doi = "10.1109/IWBOSE.2018.8327565",
  url = "https://ieeexplore.ieee.org/document/8327565",
  } // hotovo
  
  @ARTICLE{dapps,
  author = "Cai, Wei and Wang, Zehua and Ernst, Jason B. and Hong, Zhen and Feng, Chen and Leung, Victor C. M.",
  journal = "IEEE Access", 
  title = "Decentralized Applications: The Blockchain-Empowered Software System", 
  year = "2018",
  volume = "6",
  howpublished = {online},
  cited = {2023-03-25},
  pages = "53019-53033",
  doi = "10.1109/ACCESS.2018.2870644",
  url = "https://ieeexplore.ieee.org/document/8466786",
  } // hotovo

  @book{Raval2016,
  author = "Raval, Siraj",
  title = "Decentralized Applications: Harnessing Bitcoin's Blockchain Technology",
  year = "2016",
  isbn = "1491924543",
  publisher = "O'Reilly Media, Inc.",
  edition = "1st",
  howpublished = {online},
  cited = {2023-03-28},
  url = "https://books.google.cz/books?id=fvywDAAAQBAJ&printsec=frontcover&redir_esc=y#v=onepage&q&f=false"
} // hotovo

@misc{dappProsCons,
  author = "guptavivek0503",
  title = "Pros, Cons, and Examples of dApp",
  year = "2022",
  howpublished = "online",
  cited = "2023-03-26",
  url = "https://www.geeksforgeeks.org/pros-cons-and-examples-of-dapp/"
} // hotovo

@misc{DAPPS2,
  author = "Jake Frankenfield",
  title = "Decentralized Applications (dApps): Definition, Uses, Pros and Cons",
  year = "2018",
  howpublished = "online",
  cited = "2023-03-28",
  url = "https://www.investopedia.com/terms/d/decentralized-applications-dapps.asp"
} // hotovo

@ARTICLE{AppsFrameworks,
  author = "Nawrocki, Piotr and Wrona, Krzysztof and Marczak, Mateusz and Sniezynski, Bartlomiej",
  journal = "Computer", 
  title = "A Comparison of Native and Cross-Platform Frameworks for Mobile Applications", 
  year = "2021",
  volume = "54",
  number = "3",
  pages = "18-27",
  howpublished = "online",
  cited = "2023-04-2",
  url = "https://ieeexplore.ieee.org/stamp/stamp.jsp?tp=&arnumber=9378923",
  doi = "10.1109/MC.2020.2983893"
  } // hotovo

@misc{Topologie,
  title = "Centralized-vs-decentralized-vs-distributed-processing",
  howpublished = "online",
  author = "Junaid Rehman",
  cited = "2023-03-22",
  url = "https://www.itrelease.com/2017/11/difference-centralized-decentralized-distributed-processing/"
} // hotovo

@misc{Schema,
  author = "Ying-Chang Liang",
  howpublished = "online",
  title = "The structure of a Blockchain",
  cited = "2023-03-24",
  url = "https://www.researchgate.net/figure/The-structure-of-a-Blockchain-A-block-is-composed-of-a-header-and-a-body-where-a-header_fig1_337306138/"
} // hotovo

@misc{longestChain,
  author = "Matthäus Wander",
  title = "Blockchain landscape - Blockchain – Wikipedie",
  howpublished = "online",
  cited = "2023-03-29",
  url = "https://cs.wikipedia.org/wiki/Blockchain"
} // hotovo

@article{blok,
  author={Malik, Ayasha and Gautam, Siddharth and Abidin, Shafiqul and Bhushan, Bharat},
  booktitle={2019 2nd International Conference on Intelligent Computing, Instrumentation and Control Technologies (ICICICT)}, 
  title={Blockchain Technology-Future Of IoT: Including Structure, Limitations And Various Possible Attacks}, 
  year={2019},
  volume={1},
  number={},
  url = "https://ieeexplore.ieee.org/stamp/stamp.jsp?tp=&arnumber=8993144",
  pages={1100-1104},
  cited = "2023-04-16",
  doi={10.1109/ICICICT46008.2019.8993144}
} // hotovo

@inproceedings{transaction,
author = {Homoliak, Ivan and Breitenbacher, Dominik and Hujnak, Ondrej and Hartel, Pieter and Binder, Alexander and Szalachowski, Pawel},
title = {SmartOTPs: An Air-Gapped 2-Factor Authentication for Smart-Contract Wallets},
year = {2020},
isbn = {9781450381390},
publisher = {Association for Computing Machinery},
address = {New York, NY, USA},
url = {https://doi.org/10.1145/3419614.3423257},
doi = {10.1145/3419614.3423257},
booktitle = {Proceedings of the 2nd ACM Conference on Advances in Financial Technologies},
pages = {145–162},
cited = "2023-04-15",
numpages = {18},
location = {New York, NY, USA},
series = {AFT '20},
} // hotovo

@misc{coinmarketcap,
  author = "{CoinMarketCap}",
  title = "Ethereum price today, ETH to USD live, marketcap and chart | CoinMarketCap",
  howpublished = "online",
  cited = "2023-03-21",
  url = "https://coinmarketcap.com/currencies/ethereum/"
} // hotovo

@misc{ethereum,
  author = "{Ethereum}",
  title = "Pooled staking | ethereum.org",
  howpublished = "online",
  cited = "2023-03-21",
  url = "https://ethereum.org/en/staking/pools/"
} // hotovo

@misc{upgradable,
  title = "What are Upgradable Smart Contracts? Full Guide - Moralis Web3 | Enterprise-Grade Web3 APIs",
  author = "{Moralis Blog}",
  howpublished = "online",
  cited = "2023-03-30",
  url = "https://moralis.io/what-are-upgradable-smart-contracts-full-guide/#what-are-upgradable-smart-contracts"
} // hotovo

@misc{yellowpaper,
  author = "Gavin Wood",
  title = "Ethereum: A secure decentralised generalised transaction ledger",
  howpublished = "online",
  cited = "2023-03-31",
  url = "http://gavwood.com/paper.pdf"
} // TODO přidat? https://github.com/crytic/evm-opcodes

@misc{evm,
  title = "Ethereum Virtual Machine (EVM) | ethereum.org",
  author = "Joshua and carrabre and d1onys1us and Paul Wackerow and north-vanhooser and Hugh and Michael McCallam and Joe and Thomas Lisankie",
  howpublished = "online",
  cited = "2023-03-31",
  url = "https://ethereum.org/en/developers/docs/evm/"
} // hotovo

@misc{eth_variables,
  author = "ciberexplosion",
  title = "Solidity - Special Variables - GeeksforGeeks",
  howpublished = "online",
  cited = "2023-04-1",
  url = "https://www.geeksforgeeks.org/solidity-special-variables/"
} // hotovo

@misc{eth_sc,
  howpublished = "online",
  cited = "2023-04-1",
  title = "Introduction to smart contracts | ethereum.org",
  author = "Micah Zoltu and Paul Wackerow and Joshua and Pruthviraj Jadhav and Naveen Kumar and fennar01 and Joseph Cook",
  url = "https://ethereum.org/en/developers/docs/smart-contracts/"
} // hotovo

@misc{vyper1,
  howpublished = "online",
  cited = "2023-04-4",
  author = "{Vyper Team}",
  title = "Vyper — Vyper  documentation",
  url = "https://docs.vyperlang.org/en/stable/"
} // hotovo


@misc{vyper2,
  author = "Paul Wackerow and Marc-Antoine Thevenet and Mikko Ohtamaa and Joshua and Sam Richards and Franziska Heintel and Michael Bianco",
  howpublished = "online",
  title = "Smart contract languages | ethereum.org",
  cited = "2023-04-4",
  url = "https://ethereum.org/en/developers/docs/smart-contracts/languages/"
} // hotovo

@misc{vyper3,
  author = "{Alchemy Insights}",
  howpublished = "online",
  cited = "2023-04-4",
  title = "Vyper - Web3 Languages - Alchemy",
  url = "https://www.alchemy.com/dapps/vyper"
} // hotovo

@misc{scilla1,
  author = "{Zilliqa Research}",
  howpublished = "online",
  cited = "2023-04-4",
  title = "Zilliqa | Scilla is made for DeFi",
  url = "https://www.zilliqa.com/language"
} // hotovo

@misc{scilla2,
  author = "{Zilliqa Research}",
  howpublished = "online",
  cited = "2023-04-4",
  title = "Scilla - Home",
  url = "https://scilla-lang.org/"
} // hotovo

@misc{solidity1,
  author = "{Solidity Team}",
  howpublished = "online",
  cited = "2023-04-5",
  title = "Solidity Programming Language | The Solidity language portal is a comprehensive information page for the Solidity programming language. It features documentation, binaries, blog, resources \& more",
  url = "https://soliditylang.org/"
} // hotovo

@article{mobiles,
  howpublished = "online",
  cited = "2023-04-5",
  journal = "Turkish Journal of Computer and Mathematics Education",
  volume = "12",
  number = "6",
  year = "2021",
  pages = "4643-4649",
  title = "Native or Web or Hybridwhich is better for Mobile Application",
  author = "L. K. Pulasthi Dhananjaya Gunawardhana",
  url = "https://www.turcomat.org/index.php/turkbilmat/article/view/8450/6630"
} // hotovo

@misc{mobilesuptech,
  howpublished = "online",
  author = "Anastasiya Marchuk",
  title = "Native vs Cross-Platform Development: How to Choose",
  cited = "2023-04-2",
  url = "https://www.uptech.team/blog/native-vs-cross-platform-app-development"
} // hotovo

@misc{mobilesibm,
  author = "{IBM}",
  howpublished = "online",
  cited = "2023-04-3", 
  title = "Introduction to Mobile Application Development  | IBM",
  url = "https://www.ibm.com/topics/mobile-application-development"
} // hotovo

@misc{mobilesamazon,
  author = "{Amazon Web Services}",
  howpublished = "online",
  cited = "2023-04-6",
  title = "Mobile Application Development",
  url = "https://aws.amazon.com/mobile/mobile-application-development/"
} // hotovo

@misc{flutter,
  author = "{Google}",
  howpublished = "online",
  cited = "2023-04-6",
  title = "Flutter - Build apps for any screen",
  url = "https://flutter.dev/"
} // hotovo

@misc{flutter2,
  howpublished = "online",
  cited = "2023-04-5",
  author = "Kevin Herembourg",
  title = "8 Most Popular Mobile App Development Frameworks in 2023",
  year = "2022",
  url = "https://www.purchasely.com/blog/mobile-app-frameworks"
} // hotovo

@misc{flutter3,
  author = "{AltexSoft}",
  howpublished = "online",
  cited = "2023-04-6",
  title = "Pros and Cons of Flutter App Development | AltexSoft",
  year = "2018",
  url = "https://www.altexsoft.com/blog/engineering/pros-and-cons-of-flutter-app-development/"
} // hotovo

@misc{xamarin,
  author = "{Microsoft}",
  howpublished = "online",
  cited = "2023-04-5",
  title = "Xamarin | Open-source mobile app platform for .NET",
  url = "https://dotnet.microsoft.com/en-us/apps/xamarin"
} // hotovo

@misc{reactnative,
  author = "{Meta Platforms}",
  howpublished = "online",
  cited = "2023-04-8",
  title = "React Native · Learn once, write anywhere",
  url = "https://reactnative.dev/"
} // hotovo

@misc{reactnative2,
  howpublished = "online",
  cited = "2023-04-8",
  author = "William Danielsson",
  year = "2016",
  title = "React Native application development",
  url = "https://www.diva-portal.org/smash/get/diva2:998793/FULLTEXT02.pdf"
} // hotovo

@misc{xamarin2,
  author = "{JavaTpoint}",
  howpublished = "online",
  cited = "2023-04-11",
  title = "What is Xamarin - Javatpoint",
  url = "https://www.javatpoint.com/what-is-xamarin"
} // hotovo

@misc{web1,
  howpublished = "online",
  cited = "2023-04-9",
  author = "Daragh O Tuama",
  title = "What is the Difference Between Web App \& Mobile App? - Code Institute Global",
  year = "2022",
  url = "https://codeinstitute.net/global/blog/web-app-vs-mobile-app/"
} // hotovo

@misc{web2,
  howpublished = "online",
  cited = "2023-04-9",
  author = "William Craig",
  title = "Native App vs. Mobile Web App: A Quick Comparison - WebFX",
  url = "https://www.webfx.com/blog/web-design/native-app-vs-mobile-web-app-comparison/"
} // hotovo

@misc{slidoqa,
  howpublished = "online",
  cited = "2023-04-12",
  author = "Katy Mrvova",
  title = "How to Facilitate a Successful Q\&A Session - Slido Blog",
  year = "2021",
  url = "https://blog.slido.com/fix-your-qa-session/"
} // hotovo

@misc{slidosection,
  author = "{Cisco Systems}",
  howpublished = "online",
  cited = "2023-04-12",
  title = "Slido - Audience Interaction Made Easy",
  url = "https://www.slido.com/"
} // hotovo

@misc{mentimetersection,
  author = "{Mentimeter AB}",
  howpublished = "online",
  cited = "2023-04-12",
  title = "Interactive presentation software - Mentimeter",
  url = "https://www.mentimeter.com/"
} // hotovo

@misc{ahasection,
  author = "{AhaSlides}",
  howpublished = "online",
  cited = "2023-04-12",
  title = "The Best Free Presentation Software Online | AhaSlides",
  url = "https://ahaslides.com/"
} // hotovo

@misc{truffle,
  author = "{ConsenSys Software}",
  howpublished = "online",
  cited = "2023-04-19",
  title = "Truffle | Overview - Truffle Suite",
  url = "https://trufflesuite.com/docs/truffle/"
} // hotovo

@misc{ganache,
  author = "{ConsenSys Software}",
  howpublished = "online",
  cited = "2023-04-19",
  title = "Ganache | Overview - Truffle Suite",
  url = "https://trufflesuite.com/docs/ganache/"
} // hotovo

@misc{infura,
  author = "{Infura}",
  howpublished = "online",
  cited = "2023-04-19",
  title = "Frequently Asked Questions",
  url = "https://www.infura.io/faq/general"
} // hotovo

@misc{sepolia,
  author = "{Alchemy Insights}",
  howpublished = "online",
  cited = "2023-04-19",
  title = "What is the Sepolia testnet?",
  url = "https://www.alchemy.com/overviews/sepolia-testnet"
} // hotovo

@misc{expo,
  author = "{Expo}",
  howpublished = "online",
  cited = "2023-04-20",
  title = "Expo Documentation",
  url = "https://docs.expo.dev/"
} // hotovo

@misc{metamask,
  author = "{MetaMask}",
  howpublished = "online",
  cited = "2023-04-20",
  title = "The crypto wallet for Defi, Web3 Dapps and NFTs | MetaMask",
  url = "https://metamask.io/"
} // hotovo

@misc{etherscan,
  author = "{Etherscan}",
  howpublished = "online",
  cited = "2023-04-20",
  title = "Ethereum (ETH) Blockchain Explorer",
  url = "https://etherscan.io/"
} //hotovo

@misc{binance_etherscan,
  author = "{Binance Academy}",
  howpublished = "online",
  cited = "2023-04-20",
  title = "Co je Etherscan a jak ho používat? | Binance Academy",
  url = "https://academy.binance.com/cs/articles/what-is-etherscan-and-how-to-use-it"
} //hotovo

@misc{androidStudio,
  author = "{Google Developers}",
  howpublished = "online",
  cited = "2023-05-1",
  title = "Meet Android Studio | Android Developers",
  url = "https://developer.android.com/studio/intro"
} //hotovo

https://developer.android.com/studio/intro